<record><leader>01509cam a22003738i 4500</leader><controlfield tag="005">20200728155806.0</controlfield><controlfield tag="008">800220s1979    wb       b    101 0 eng  </controlfield><controlfield tag="001">9918573506421</controlfield><datafield tag="010" ind1=" " ind2=" "><subfield code="a">   79024859  </subfield></datafield><datafield tag="020" ind1=" " ind2=" "><subfield code="a">038709721X</subfield><subfield code="0">(uri) http://www.isbnsearch.org/isbn/038709721X</subfield></datafield><datafield tag="035" ind1=" " ind2=" "><subfield code="a">(OCoLC)5726634</subfield><subfield code="0">(uri) http://www.worldcat.org/oclc/5726634</subfield></datafield><datafield tag="035" ind1=" " ind2=" "><subfield code="a">(CStRLIN)NJPG14171686-B</subfield></datafield><datafield tag="035" ind1=" " ind2=" "><subfield code="9">AAF6108TS</subfield></datafield><datafield tag="035" ind1=" " ind2=" "><subfield code="a">1857</subfield></datafield><datafield tag="035" ind1=" " ind2=" "><subfield code="a">(NjP)1857-princetondb</subfield></datafield><datafield tag="040" ind1=" " ind2=" "><subfield code="b">eng</subfield><subfield code="d">NjP</subfield><subfield code="d">CStRLIN</subfield></datafield><datafield tag="050" ind1="0" ind2=" "><subfield code="a">QA3</subfield><subfield code="b">.L28 no. 763</subfield><subfield code="a">QA612;</subfield></datafield><datafield tag="082" ind1="0" ind2=" "><subfield code="a">510/.8 s</subfield><subfield code="a">514/.2</subfield></datafield><datafield tag="245" ind1="0" ind2="0"><subfield code="a">Algebraic topology, Aarhus 1978 :</subfield><subfield code="b">proceedings of a symposium held at Aarhus, Denmark, August 7-12, 1978 : University of Aarhus, 50th anniversary, 11 September 1978 /</subfield><subfield code="c">edited by J. L. Dupont and I. H. Madsen.</subfield></datafield><datafield tag="260" ind1=" " ind2=" "><subfield code="a">Berlin ;</subfield><subfield code="a">New York :</subfield><subfield code="b">Springer-Verlag,</subfield><subfield code="c">1979.</subfield></datafield><datafield tag="300" ind1=" " ind2=" "><subfield code="a">vi, 695 p. :</subfield><subfield code="b">ill. ;</subfield><subfield code="c">24 cm.</subfield></datafield><datafield tag="490" ind1="1" ind2=" "><subfield code="a">Lecture notes in mathematics ;</subfield><subfield code="v">763</subfield></datafield><datafield tag="500" ind1=" " ind2=" "><subfield code="a">Includes index.</subfield></datafield><datafield tag="504" ind1=" " ind2=" "><subfield code="a">Bibliography: p. 692-695.</subfield></datafield><datafield tag="530" ind1=" " ind2=" "><subfield code="a">Also available in an electronic version.</subfield></datafield><datafield tag="650" ind1=" " ind2="0"><subfield code="a">Algebraic topology</subfield><subfield code="v">Congresses.</subfield><subfield code="0">http://id.loc.gov/authorities/subjects/sh2007100990</subfield></datafield><datafield tag="700" ind1="1" ind2=" "><subfield code="a">Dupont, Johan L.</subfield><subfield code="0">http://id.loc.gov/authorities/names/nr95012144</subfield></datafield><datafield tag="700" ind1="1" ind2=" "><subfield code="a">Madsen, Ib.</subfield></datafield><datafield tag="710" ind1="2" ind2=" "><subfield code="a">Aarhus universitet.</subfield><subfield code="0">http://id.loc.gov/authorities/names/n80126247</subfield></datafield><datafield tag="856" ind1="4" ind2="1"><subfield code="u">http://dx.doi.org/10.1007/BFb0088073</subfield></datafield><datafield tag="852" ind1="0" ind2="0"><subfield code="0">2099</subfield><subfield code="b">sci</subfield><subfield code="t">1</subfield><subfield code="h">QA3</subfield><subfield code="i">.L28 no.763</subfield></datafield><datafield tag="852" ind1="8" ind2=" "><subfield code="0">5764920</subfield><subfield code="b">elf1</subfield><subfield code="h">Electronic Resource</subfield></datafield><datafield tag="998" ind1=" " ind2=" "><subfield code="a">06/29/93</subfield><subfield code="s">9610</subfield><subfield code="n">NjP</subfield><subfield code="w">UTBG15158934B</subfield><subfield code="d">05/08/81</subfield><subfield code="c">OF</subfield><subfield code="b">EM</subfield><subfield code="i">930629</subfield><subfield code="l">NJPG</subfield></datafield><datafield tag="911" ind1=" " ind2=" "><subfield code="a">19930708</subfield></datafield><datafield tag="912" ind1=" " ind2=" "><subfield code="a">19930629000000.0</subfield></datafield><datafield tag="950" ind1=" " ind2=" "><subfield code="b">2020-12-02 03:58:56 US/Eastern</subfield><subfield code="a">false</subfield></datafield><datafield tag="951" ind1=" " ind2=" "><subfield code="v">2020-12-08 08:31:26 US/Eastern</subfield><subfield code="u">System</subfield><subfield code="t">2020-12-08 08:31:20 US/Eastern</subfield><subfield code="x">https://na07.alma.exlibrisgroup.com/view/uresolver/01PRI_INST/openurl?u.ignore_date_coverage=true&amp;portfolio_pid=53327989150006421&amp;Force_direct=true</subfield><subfield code="s">P2E_JOB</subfield><subfield code="0">53327989150006421</subfield><subfield code="w">2020-12-08 13:31:20</subfield><subfield code="f">false</subfield><subfield code="b">static</subfield><subfield code="1">52327989160006421</subfield><subfield code="c">d?u.ignore_date_coverage=true&amp;rft.mms_id=9918573506421</subfield><subfield code="a">Available</subfield><subfield code="e">BOOK</subfield><subfield code="8">53327989150006421</subfield></datafield><datafield tag="852" ind1="0" ind2="0"><subfield code="b">lewis</subfield><subfield code="c">stacks</subfield><subfield code="h">QA3</subfield><subfield code="i">.L28 no.763</subfield><subfield code="8">2234865440006421</subfield></datafield><datafield tag="952" ind1=" " ind2=" "><subfield code="a">2020-12-02 08:58:56</subfield><subfield code="8">2234865440006421</subfield><subfield code="b">Lewis Library</subfield><subfield code="c">Lewis Library</subfield><subfield code="e">false</subfield></datafield><datafield tag="876" ind1=" " ind2=" "><subfield code="0">2234865440006421</subfield><subfield code="a">2334865430006421</subfield><subfield code="j">1</subfield><subfield code="i">0</subfield><subfield code="d">2020-12-02 08:58:56</subfield><subfield code="h">QA3 .L28 no.763</subfield><subfield code="p">32101012887186</subfield><subfield code="t">1</subfield></datafield></record>